<record><leader>00000cas a2200000 a 4500</leader><controlfield tag="001">11655644</controlfield><controlfield tag="008">850204u1913uuuunyuwr ne      0    0eng c</controlfield><datafield ind1=" " ind2=" " tag="010"><subfield code="a">sn 84031707 </subfield></datafield><datafield ind1=" " ind2=" " tag="040"><subfield code="a">NYG</subfield><subfield code="b">eng</subfield><subfield code="c">NYG</subfield><subfield code="d">NYS</subfield><subfield code="d">OCLCQ</subfield><subfield code="d">OCLCO</subfield></datafield><datafield ind1="1" ind2=" " tag="029"><subfield code="a">AU@</subfield><subfield code="b">000020347921</subfield></datafield><datafield ind1=" " ind2=" " tag="042"><subfield code="a">pcc</subfield></datafield><datafield ind1=" " ind2=" " tag="043"><subfield code="a">n-us-ny</subfield></datafield><datafield ind1="0" ind2="0" tag="245"><subfield code="a">Katonah record.</subfield></datafield><datafield ind1=" " ind2=" " tag="260"><subfield code="a">Katonah, N.Y. :</subfield><subfield code="b">Katonah Pub. Corp.,</subfield><subfield code="c">1913-</subfield></datafield><datafield ind1=" " ind2=" " tag="300"><subfield code="a">v. ;</subfield><subfield code="c">57 cm.</subfield></datafield><datafield ind1=" " ind2=" " tag="310"><subfield code="a">Weekly</subfield></datafield><datafield ind1="1" ind2=" " tag="362"><subfield code="a">Vol. 1, no. 1 (May 13, 1913)-</subfield></datafield><datafield ind1=" " ind2=" " tag="500"><subfield code="a">Published every Thursday.</subfield></datafield><datafield ind1=" " ind2=" " tag="500"><subfield code="a">"A weekly newspaper devoted to the home interests of Northern Westchester County."</subfield></datafield><datafield ind1=" " ind2=" " tag="500"><subfield code="a">Publishers: Robertson T. Barrett &amp; Fowler G. Peck.</subfield></datafield><datafield ind1="4" ind2=" " tag="510"><subfield code="a">Gregory, W. Amer. newspapers, 1821-1936,</subfield><subfield code="c">p. 456</subfield></datafield><datafield ind1=" " ind2=" " tag="588"><subfield code="a">Description based on: Vol. 1, no. 34 (Jan. 1, 1914).</subfield></datafield><datafield ind1=" " ind2="0" tag="651"><subfield code="a">Bedford (Town : N.Y.)</subfield><subfield code="v">Newspapers.</subfield></datafield><datafield ind1=" " ind2="0" tag="651"><subfield code="a">Katonah (N.Y.)</subfield><subfield code="v">Newspapers.</subfield></datafield><datafield ind1=" " ind2="0" tag="651"><subfield code="a">Westchester County (N.Y.)</subfield><subfield code="v">Newspapers.</subfield></datafield><datafield ind1=" " ind2=" " tag="752"><subfield code="a">United States</subfield><subfield code="b">New York</subfield><subfield code="c">Westchester</subfield><subfield code="d">Katonah.</subfield></datafield></record>